<collection xmlns="http://www.loc.gov/MARC21/slim"><record><leader>00789nam  2200217   450</leader><controlfield tag="001">349</controlfield><controlfield tag="003">http://montalegre.opacnet.com/OPAC/default.aspx?ContentAreaControl=ShowRegHoldings.ascx&amp;RegNo=16662</controlfield><datafield tag="095" ind1=" " ind2=" "><subfield code="a">PTBN00015427</subfield></datafield><datafield tag="100" ind1=" " ind2=" "><subfield code="a">20061013d1986    m  y0pora0103    ba</subfield></datafield><datafield tag="101" ind1="1" ind2=" "><subfield code="a">por</subfield><subfield code="c">eng</subfield></datafield><datafield tag="102" ind1=" " ind2=" "><subfield code="a">PT</subfield></datafield><datafield tag="200" ind1="1" ind2=" "><subfield code="a">&lt;Um &gt;quarto com vista</subfield><subfield code="f">E. M. Forster</subfield><subfield code="g">trad. Salvato Telles de Menezes e Paula Cristina R. Simöes</subfield></datafield><datafield tag="210" ind1=" " ind2=" "><subfield code="a">Lisboa</subfield><subfield code="c">Labirinto</subfield><subfield code="d">1986</subfield></datafield><datafield tag="215" ind1=" " ind2=" "><subfield code="a">255 p.</subfield><subfield code="d">22 cm</subfield></datafield><datafield tag="304" ind1=" " ind2=" "><subfield code="a">Tít. orig. A room with a view</subfield></datafield><datafield tag="675" ind1=" " ind2=" "><subfield code="a">821.111-31"19"</subfield></datafield><datafield tag="700" ind1=" " ind2="1"><subfield code="a">Forster</subfield><subfield code="b">E. M.</subfield><subfield code="f">1879-1970</subfield><subfield code="3">67855</subfield></datafield><datafield tag="702" ind1=" " ind2="1"><subfield code="a">Meneses</subfield><subfield code="b">Salvato Teles de</subfield><subfield code="f">1949-</subfield><subfield code="3">292488</subfield><subfield code="4">730</subfield></datafield><datafield tag="702" ind1=" " ind2="1"><subfield code="a">Simões</subfield><subfield code="b">Paula</subfield><subfield code="f">1964</subfield><subfield code="4">730</subfield><subfield code="3">1143583</subfield></datafield><datafield tag="801" ind1=" " ind2="0"><subfield code="a">PT</subfield><subfield code="b">Biblioteca Municipal de Montalegre</subfield><subfield code="g">RPC</subfield></datafield><datafield tag="856" ind1=" " ind2=" "><subfield code="u">locateMedia.asp?cod=20060511162450&amp;ext=jpg</subfield><subfield code="z">CAPA</subfield></datafield><datafield tag="909" ind1="&#9;" ind2=" "><subfield code="a">1</subfield></datafield><datafield tag="966" ind1=" " ind2=" "><subfield code="a">0008540</subfield><subfield code="l">BMM</subfield><subfield code="s">SCG 821 FOR qua</subfield></datafield></record></collection>